<record><leader>00000cas a22000007a 4500</leader><controlfield tag="001">16261875</controlfield><controlfield tag="008">870721c18829999iauwr ne      0    0eng d</controlfield><datafield ind1=" " ind2=" " tag="010"><subfield code="a">sn 87057679 </subfield></datafield><datafield ind1=" " ind2=" " tag="040"><subfield code="a">INP</subfield><subfield code="b">eng</subfield><subfield code="c">INP</subfield><subfield code="d">OCLCQ</subfield></datafield><datafield ind1=" " ind2=" " tag="042"><subfield code="a">msc</subfield></datafield><datafield ind1="0" ind2="4" tag="245"><subfield code="a">The Sanborn pioneer.</subfield></datafield><datafield ind1=" " ind2=" " tag="260"><subfield code="a">Sanborn, O'Brien Co., Iowa :</subfield><subfield code="b">Perkins &amp; Willits,</subfield><subfield code="c">1882-</subfield></datafield><datafield ind1=" " ind2=" " tag="300"><subfield code="a">v.</subfield></datafield><datafield ind1=" " ind2=" " tag="310"><subfield code="a">Weekly</subfield></datafield><datafield ind1="0" ind2=" " tag="362"><subfield code="a">Vol. 11, no. 10 (Feb. 17, 1882)-</subfield></datafield><datafield ind1=" " ind2=" " tag="500"><subfield code="a">Publisher varies.</subfield></datafield><datafield ind1=" " ind2=" " tag="752"><subfield code="a">United States</subfield><subfield code="b">Iowa</subfield><subfield code="c">O'Brien</subfield><subfield code="d">Sanborn.</subfield></datafield><datafield ind1="0" ind2="4" tag="780"><subfield code="t">Sanborn cycle</subfield><subfield code="w">(DLC)sn 87058532</subfield></datafield><datafield ind1="0" ind2="4" tag="780"><subfield code="t">O'Brien pioneer</subfield><subfield code="w">(DLC)sn 84027324</subfield></datafield></record>